@article{ArdesEtAl97,
title = "Thermal convection in rotating spherical shells ",
journal = {Phys. Ear. Plan. Int.},
volume = "99",
number = "1â€“2",
pages = "55 - 67",
year = "1997",
note = "",
issn = "0031-9201",
doi = "http://dx.doi.org/10.1016/S0031-9201(96)03200-1",
url = "http://www.sciencedirect.com/science/article/pii/S0031920196032001",
author = "M. Ardes and F.H. Busse and J. Wicht"
}

@article{ChristensenEtAl01,
	author = {Christensen, U. and Aubert, J. and Cardin, P. and Dormy, E. and Gibbons, S. and Glatzmaier, G. A. and Grote, E. and Honkura, Y. and Jones, C. A. and Kono, M. and Matsushima, M. and Sakuraba, A. and Takahashi, F. and Tilgner, A. and Wicht, J. and Zhang, K.},
	year = 2001,
	journal = {Phys. Ear. Plan. Int.},
	localfile = {Christnsen, 2001, A numerical dynamo benchmark, PEPI.pdf},
	pages = {25--34},
	title = {{A numerical dynamo benchmark}},
	volume = {128}
}

@article{LabrossePoirier1997,
	author = {Labrosse, S. and Poirier, J.-P. and {Le Mou\"{e}l}, J.-L.},
	doi = {10.1016/S0031-9201(96)03207-4},
	journal = {Phys. Ear. Plan. Int.} ,
	pages = {1 -- 17},
	title = {{On cooling of the Earth's core}},
	volume = {99},
	year = {1997}
}


@article{DaviesGubbins2011,
	author = {Davies, C. J. and Gubbins, D.},
	doi = {10.1111/j.1365-246X.2011.05144.x},
	journal = {Geophys. J. Int.},
	localfile = {~/Article_Library/DaviesGubbins11.pdf},
	pages = {549--563},
	title = {{A buoyancy profiles for the {E}arth's core}},
	volume = {187},
	year = {2011}
}

@article{Glatzmaier1984,
	author = {Glatzmaier, G. A.},
	journal = {J. Comp. Phys.},
	localfile = {Glatzmaier, 1984, Numerical Simulations of Stellar Convective Dynamos:I. The Model and Method, JCP.pdf},
	pages = {461 -- 484},
	title = {{Numerical simulation of stellar convective dynamos. I. The model and method}},
	volume = {55},
	year = {1984}
}

@article{Tilgner1999,
	author = {Tilgner, A.},
	journal = {Int. J. Numer. Meth. Fluids},
	number = {6},
	pages = {713--724},
	title = {{Spectral methods for the simulation of incompressible flows in spherical shells}},
	volume = {30},
	year = {1999}
}

@manual{CMakeDox,
        author = {An author},
        year = {2014},
	title = {{CMake user documentation}},
	url = {http://www.cmake.org/cmake/help/documentation.html}
}


